@article{onemodel,
  author    = {Lukasz Kaiser and
               Aidan N. Gomez and
               Noam Shazeer and
               Ashish Vaswani and
               Niki Parmar and
               Llion Jones and
               Jakob Uszkoreit},
  title     = {One Model To Learn Them All},
  journal   = {CoRR},
  volume    = {abs/1706.05137},
  year      = {2017},
  url       = {http://arxiv.org/abs/1706.05137},
  archivePrefix = {arXiv},
  eprint    = {1706.05137},
  timestamp = {Mon, 13 Aug 2018 16:46:07 +0200},
  biburl    = {https://dblp.org/rec/bib/journals/corr/KaiserGSVPJU17},
  bibsource = {dblp computer science bibliography, https://dblp.org}
}

@Article{pmid14681409,
   Author="Bodenreider, O. ",
   Title="{{T}he {U}nified {M}edical {L}anguage {S}ystem ({U}{M}{L}{S}): integrating biomedical terminology}",
   Journal="Nucleic Acids Res.",
   Year="2004",
   Volume="32",
   Number="Database issue",
   Pages="D267--270",
   Month="Jan"
}

@Article{infextr,
   Author="Sarawagi, Sunita",
   Title="{Foundations and Trends: Information Extraction}",
   Journal="Databases",
   Year="2007",
   Volume="1",
   Number="3",
   Pages="261–377",
   isbn="978-1-60198-188-2"
}

@inproceedings{agarwal2014using,
  title={Using Frame Semantics in Natural Language Processing},
  author={Agarwal, Apoorv and Bauer, Daniel and Rambow, Owen},
  booktitle={Proceedings of Frame Semantics in NLP: A Workshop in Honor of Chuck Fillmore (1929-2014)},
  pages={30--33},
  year={2014}
}

@article{negbio,
  author    = {Yifan Peng and
               Xiaosong Wang and
               Le Lu and
               Mohammadhadi Bagheri and
               Ronald M. Summers and
               Zhiyong Lu},
  title     = {NegBio: a high-performance tool for negation and uncertainty detection
               in radiology reports},
  journal   = {CoRR},
  volume    = {abs/1712.05898},
  year      = {2017},
  url       = {http://arxiv.org/abs/1712.05898},
  archivePrefix = {arXiv},
  eprint    = {1712.05898},
  timestamp = {Mon, 13 Aug 2018 16:47:48 +0200},
  biburl    = {https://dblp.org/rec/bib/journals/corr/abs-1712-05898},
  bibsource = {dblp computer science bibliography, https://dblp.org}
}

@article{attention,
  author    = {Ashish Vaswani and
               Noam Shazeer and
               Niki Parmar and
               Jakob Uszkoreit and
               Llion Jones and
               Aidan N. Gomez and
               Lukasz Kaiser and
               Illia Polosukhin},
  title     = {Attention Is All You Need},
  journal   = {CoRR},
  volume    = {abs/1706.03762},
  year      = {2017},
  url       = {http://arxiv.org/abs/1706.03762},
  archivePrefix = {arXiv},
  eprint    = {1706.03762},
  timestamp = {Mon, 13 Aug 2018 16:48:37 +0200},
  biburl    = {https://dblp.org/rec/bib/journals/corr/VaswaniSPUJGKP17},
  bibsource = {dblp computer science bibliography, https://dblp.org}
}

@article{lstm,
  title={Long short-term memory},
  author={Hochreiter, Sepp and Schmidhuber, J{\"u}rgen},
  journal={Neural computation},
  volume={9},
  number={8},
  pages={1735--1780},
  year={1997},
  publisher={MIT Press}
}

@article{fasttext,
  author    = {Piotr Bojanowski and
               Edouard Grave and
               Armand Joulin and
               Tomas Mikolov},
  title     = {Enriching Word Vectors with Subword Information},
  journal   = {CoRR},
  volume    = {abs/1607.04606},
  year      = {2016},
  url       = {http://arxiv.org/abs/1607.04606},
  archivePrefix = {arXiv},
  eprint    = {1607.04606},
  timestamp = {Mon, 13 Aug 2018 16:46:11 +0200},
  biburl    = {https://dblp.org/rec/bib/journals/corr/BojanowskiGJM16},
  bibsource = {dblp computer science bibliography, https://dblp.org}
}

@incollection{earlystopping,
  title={Early stopping-but when?},
  author={Prechelt, Lutz},
  booktitle={Neural Networks: Tricks of the trade},
  pages={55--69},
  year={1998},
  publisher={Springer}
}

@article{adam,
  author    = {Diederik P. Kingma and
               Jimmy Ba},
  title     = {Adam: {A} Method for Stochastic Optimization},
  journal   = {CoRR},
  volume    = {abs/1412.6980},
  year      = {2014},
  url       = {http://arxiv.org/abs/1412.6980},
  archivePrefix = {arXiv},
  eprint    = {1412.6980},
  timestamp = {Mon, 13 Aug 2018 16:47:35 +0200},
  biburl    = {https://dblp.org/rec/bib/journals/corr/KingmaB14},
  bibsource = {dblp computer science bibliography, https://dblp.org}
}

@article{rubin,
  title={Large Scale Automated Reading of Frontal and Lateral Chest X-Rays using Dual Convolutional Neural Networks},
  author={Rubin, Jonathan and Sanghavi, Deepan and Zhao, Claire and Lee, Kathy and Qadir, Ashequl and Xu-Wilson, Minnan},
  journal={arXiv preprint arXiv:1804.07839},
  year={2018}
}

@article{apertium,
  title={Apertium: a free/open-source platform for rule-based machine translation},
  author={Forcada, Mikel L and Ginest{\'\i}-Rosell, Mireia and Nordfalk, Jacob and O’Regan, Jim and Ortiz-Rojas, Sergio and P{\'e}rez-Ortiz, Juan Antonio and S{\'a}nchez-Mart{\'\i}nez, Felipe and Ram{\'\i}rez-S{\'a}nchez, Gema and Tyers, Francis M},
  journal={Machine translation},
  volume={25},
  number={2},
  pages={127--144},
  year={2011},
  publisher={Springer}
}

@article{negex,
  title={A simple algorithm for identifying negated findings and diseases in discharge summaries},
  author={Chapman, Wendy W and Bridewell, Will and Hanbury, Paul and Cooper, Gregory F and Buchanan, Bruce G},
  journal={Journal of biomedical informatics},
  volume={34},
  number={5},
  pages={301--310},
  year={2001},
  publisher={Elsevier}
}

@article{deepen,
  title={DEEPEN: A negation detection system for clinical text incorporating dependency relation into NegEx},
  author={Mehrabi, Saeed and Krishnan, Anand and Sohn, Sunghwan and Roch, Alexandra M and Schmidt, Heidi and Kesterson, Joe and Beesley, Chris and Dexter, Paul and Schmidt, C Max and Liu, Hongfang and others},
  journal={Journal of biomedical informatics},
  volume={54},
  pages={213--219},
  year={2015},
  publisher={Elsevier}
}

@article{negationnotsolved,
  title={Negation’s not solved: generalizability versus optimizability in clinical natural language processing},
  author={Wu, Stephen and Miller, Timothy and Masanz, James and Coarr, Matt and Halgrim, Scott and Carrell, David and Clark, Cheryl},
  journal={PloS one},
  volume={9},
  number={11},
  pages={e112774},
  year={2014},
  publisher={Public Library of Science}
}

@article{weaklysupervised,
  title={A brief introduction to weakly supervised learning},
  author={Zhou, Zhi-Hua},
  journal={National Science Review},
  volume={5},
  number={1},
  pages={44--53},
  year={2017},
  publisher={Oxford University Press}
}

@incollection{transferlearning,
  title={Transfer learning},
  author={Torrey, Lisa and Shavlik, Jude},
  booktitle={Handbook of Research on Machine Learning Applications and Trends: Algorithms, Methods, and Techniques},
  pages={242--264},
  year={2010},
  publisher={IGI Global}
}

@article{assertionclassification,
  title={Machine learning and rule-based approaches to assertion classification},
  author={Uzuner, {\"O}zlem and Zhang, Xiaoran and Sibanda, Tawanda},
  journal={Journal of the American Medical Informatics Association},
  volume={16},
  number={1},
  pages={109--115},
  year={2009},
  publisher={BMJ Group BMA House, Tavistock Square, London, WC1H 9JR}
}

@article{severitysvm,
  title={Extraction of Severity Information from Clinical Narratives Using Statistical Natural Language Processing},
  author={Jacobsson, Rebecka},
  year={2016}
}

@incollection{beyonddisagreementbased,
title = {Beyond Disagreement-Based Agnostic Active Learning},
author = {Zhang, Chicheng and Chaudhuri, Kamalika},
booktitle = {Advances in Neural Information Processing Systems 27},
editor = {Z. Ghahramani and M. Welling and C. Cortes and N. D. Lawrence and K. Q. Weinberger},
pages = {442--450},
year = {2014},
publisher = {Curran Associates, Inc.},
url = {http://papers.nips.cc/paper/5435-beyond-disagreement-based-agnostic-active-learning.pdf}
}

@book{semisupervised,
  title = {Semi-Supervised Learning},
  author = {Olivier Chapelle, Bernhard Schölkopf and Alexander Zien},
  publisher = {MIT Press},
  year = {2010},
  month = {Jan},
  series = {Adaptive Computation and Machine Learning series}
}

@article{representation,
  title={Representation learning: A review and new perspectives},
  author={Bengio, Yoshua and Courville, Aaron and Vincent, Pascal},
  journal={IEEE transactions on pattern analysis and machine intelligence},
  volume={35},
  number={8},
  pages={1798--1828},
  year={2013},
  publisher={IEEE}
}

@article{activelearning,
  title={Active learning},
  author={Settles, Burr},
  journal={Synthesis Lectures on Artificial Intelligence and Machine Learning},
  volume={6},
  number={1},
  pages={1--114},
  year={2012},
  publisher={Morgan \& Claypool Publishers}
}

@article{disagreement,
  title={Theory of disagreement-based active learning},
  author={Hanneke, Steve and others},
  journal={Foundations and Trends{\textregistered} in Machine Learning},
  volume={7},
  number={2-3},
  pages={131--309},
  year={2014},
  publisher={Now Publishers, Inc.}
}

@inproceedings{beyonddisagreement,
  title={Beyond disagreement-based agnostic active learning},
  author={Zhang, Chicheng and Chaudhuri, Kamalika},
  booktitle={Advances in Neural Information Processing Systems},
  pages={442--450},
  year={2014}
}

@article{svm,
  title={Support-vector networks},
  author={Cortes, Corinna and Vapnik, Vladimir},
  journal={Machine learning},
  volume={20},
  number={3},
  pages={273--297},
  year={1995},
  publisher={Springer}
}

@inproceedings{russianir,
  title={Information extraction from clinical texts in Russian},
  author={Shelmanov, AO and Smirnov, IV and Vishneva, EA},
  booktitle={Computational Linguistics and Intellectual Technologies: Papers from the Annual International Conference" Dialogue},
  volume={14},
  number={21},
  pages={537--549},
  year={2015}
}

@article{dutchir,
  title={ContextD: an algorithm to identify contextual properties of medical terms in a Dutch clinical corpus},
  author={Afzal, Zubair and Pons, Ewoud and Kang, Ning and Sturkenboom, Miriam CJM and Schuemie, Martijn J and Kors, Jan A},
  journal={BMC bioinformatics},
  volume={15},
  number={1},
  pages={373},
  year={2014},
  publisher={BioMed Central}
}

@article{openpipeline,
  title={Automated Radiology Report Summarization Using an Open-Source Natural Language Processing Pipeline},
  author={Goff, Daniel J and Loehfelm, Thomas W},
  journal={Journal of digital imaging},
  volume={31},
  number={2},
  pages={185--192},
  year={2018},
  publisher={Springer}
}

@article{linkparser,
  title={Parsing English with a link grammar},
  author={Sleator, Daniel DK and Temperley, Davy},
  journal={arXiv preprint cmp-lg/9508004},
  year={1995}
}

@inproceedings{metamap,
  title={Effective mapping of biomedical text to the UMLS Metathesaurus: the MetaMap program.},
  author={Aronson, Alan R},
  booktitle={Proceedings of the AMIA Symposium},
  pages={17},
  year={2001},
  organization={American Medical Informatics Association}
}

@inproceedings{specialistparser,
  title={Lexical methods for managing variation in biomedical terminologies.},
  author={McCray, Alexa T and Srinivasan, Suresh and Browne, Allen C},
  booktitle={Proceedings of the Annual Symposium on Computer Application in Medical Care},
  pages={235},
  year={1994},
  organization={American Medical Informatics Association}
}

@article{randomforest,
  title={Classification and regression by randomForest},
  author={Liaw, Andy and Wiener, Matthew and others},
  journal={R news},
  volume={2},
  number={3},
  pages={18--22},
  year={2002}
}

@article{gradientboosting,
  title={Greedy function approximation: a gradient boosting machine},
  author={Friedman, Jerome H},
  journal={Annals of statistics},
  pages={1189--1232},
  year={2001},
  publisher={JSTOR}
}

@inproceedings{quickumls,
  title={Quickumls: a fast, unsupervised approach for medical concept extraction},
  author={Soldaini, Luca and Goharian, Nazli},
  booktitle={MedIR workshop, sigir},
  year={2016}
}

@article{umls,
  title={The unified medical language system (UMLS): integrating biomedical terminology},
  author={Bodenreider, Olivier},
  journal={Nucleic acids research},
  volume={32},
  number={suppl\_1},
  pages={D267--D270},
  year={2004},
  publisher={Oxford University Press}
}

@inproceedings{imageprior,
  title={Deep image prior},
  author={Ulyanov, Dmitry and Vedaldi, Andrea and Lempitsky, Victor},
  booktitle={Proceedings of the IEEE International Conference on Computer Vision and Pattern Recognition},
  year={2018}
}

@article{parsetreesource,
  title={Automatically recognizing medication and adverse event information from food and drug administration’s adverse event reporting system narratives},
  author={Ramesh, Balaji Polepalli and Belknap, Steven M and Li, Zuofeng and Frid, Nadya and West, Dennis P and Yu, Hong},
  journal={JMIR medical informatics},
  volume={2},
  number={1},
  year={2014},
  publisher={JMIR Publications Inc.}
}

@inproceedings{parsetreeparser,
  title={Coarse-to-fine n-best parsing and MaxEnt discriminative reranking},
  author={Charniak, Eugene and Johnson, Mark},
  booktitle={Proceedings of the 43rd annual meeting on association for computational linguistics},
  pages={173--180},
  year={2005},
  organization={Association for Computational Linguistics}
}

@article{mimic-cxr,
  title={MIMIC-CXR: A large publicly available database of labeled chest radiographs},
  author={Johnson, Alistair EW and Pollard, Tom J and Berkowitz, Seth and Greenbaum, Nathaniel R and Lungren, Matthew P and Deng, Chih-ying and Mark, Roger G and Horng, Steven},
  journal={arXiv preprint arXiv:1901.07042},
  year={2019}
}

@article{chexpert,
  title={CheXpert: A Large Chest Radiograph Dataset with Uncertainty Labels and Expert Comparison},
  author={Irvin, Jeremy and Rajpurkar, Pranav and Ko, Michael and Yu, Yifan and Ciurea-Ilcus, Silviana and Chute, Chris and Marklund, Henrik and Haghgoo, Behzad and Ball, Robyn and Shpanskaya, Katie and others},
  journal={arXiv preprint arXiv:1901.07031},
  year={2019}
}

@article{medsegmentation-review,
  title={Deep learning for medical image segmentation},
  author={Lai, Matthew},
  journal={arXiv preprint arXiv:1505.02000},
  year={2015}
}

@INPROCEEDINGS{medclassification-review, 
author={E. {Miranda} and M. {Aryuni} and E. {Irwansyah}}, 
booktitle={2016 International Conference on Information Management and Technology (ICIMTech)}, 
title={A survey of medical image classification techniques}, 
year={2016}, 
volume={}, 
number={}, 
pages={56-61}, 
keywords={diseases;image classification;medical image processing;medical information systems;patient diagnosis;pattern recognition;medical image classification techniques;medical informatics;medical data sources;biomedical record data;biomedical imaging data;physical object;computer-aided-diagnosis;image analysis tasks;pattern recognition result;image processing result;medical expert knowledge;human body disease diagnosis;Medical diagnostic imaging;Image classification;Computed tomography;Feature extraction;Support vector machines;medical informatics;image classification;disease diagnosis}, 
doi={10.1109/ICIMTech.2016.7930302}, 
ISSN={}, 
month={Nov},}

@article{medanalysis-review,
  title={A survey on deep learning in medical image analysis},
  author={Litjens, Geert and Kooi, Thijs and Bejnordi, Babak Ehteshami and Setio, Arnaud Arindra Adiyoso and Ciompi, Francesco and Ghafoorian, Mohsen and Van Der Laak, Jeroen Awm and Van Ginneken, Bram and S{\'a}nchez, Clara I},
  journal={Medical image analysis},
  volume={42},
  pages={60--88},
  year={2017},
  publisher={Elsevier}
}

@article{i2b2,
  title={2010 i2b2/VA challenge on concepts, assertions, and relations in clinical text},
  author={Uzuner, {\"O}zlem and South, Brett R and Shen, Shuying and DuVall, Scott L},
  journal={Journal of the American Medical Informatics Association},
  volume={18},
  number={5},
  pages={552--556},
  year={2011},
  publisher={BMJ Group BMA House, Tavistock Square, London, WC1H 9JR}
}

@article{ctakes,
    author = {Chute, Christopher G and Masanz, James J and Zheng, Jiaping and Kipper-Schuler, Karin C and Sohn, Sunghwan and Savova, Guergana K and Ogren, Philip V},
    title = "{Mayo clinical Text Analysis and Knowledge Extraction System (cTAKES): architecture, component evaluation and applications}",
    journal = {Journal of the American Medical Informatics Association},
    volume = {17},
    number = {5},
    pages = {507-513},
    year = {2010},
    month = {09},
    abstract = "{We aim to build and evaluate an open-source natural language processing system for information extraction from electronic medical record clinical free-text. We describe and evaluate our system, the clinical Text Analysis and Knowledge Extraction System (cTAKES), released open-source at http://www.ohnlp.org. The cTAKES builds on existing open-source technologies—the Unstructured Information Management Architecture framework and OpenNLP natural language processing toolkit. Its components, specifically trained for the clinical domain, create rich linguistic and semantic annotations. Performance of individual components: sentence boundary detector accuracy=0.949; tokenizer accuracy=0.949; part-of-speech tagger accuracy=0.936; shallow parser F-score=0.924; named entity recognizer and system-level evaluation F-score=0.715 for exact and 0.824 for overlapping spans, and accuracy for concept mapping, negation, and status attributes for exact and overlapping spans of 0.957, 0.943, 0.859, and 0.580, 0.939, and 0.839, respectively. Overall performance is discussed against five applications. The cTAKES annotations are the foundation for methods and modules for higher-level semantic processing of clinical free-text.}",
    issn = {1067-5027},
    doi = {10.1136/jamia.2009.001560},
    url = {https://dx.doi.org/10.1136/jamia.2009.001560},
    eprint = {http://oup.prod.sis.lan/jamia/article-pdf/17/5/507/5940551/17-5-507.pdf},
}

@inproceedings{i2b2-1,
  title={NRC at i2b2: one challenge, three practical tasks, nine statistical systems, hundreds of clinical records, millions of useful features},
  author={de Bruijn, Berry and Cherry, Colin and Kiritchenko, Svetlana and Martin, Joel and Zhu, Xiaodan}
}

@inproceedings{i2b2-2,
  title={Determining assertion status for medical problems in clinical records},
  author={Clark, Cheryl and Aberdeen, John and Coarr, Matt and Tresner-Kirsch, David and Wellner, Ben and Yeh, Alexander and Hirschman, Lynette}
}

@inproceedings{i2b2-3,
  title={NLM’s system description for the fourth i2b2/VA challenge},
  author={Demner-Fushman, Dina and Apostolova, Emilia and Islamaj Dogan, R and others},
  booktitle={Proceedings of the 2010 i2b2/VA Workshop on Challenges in Natural Language Processing for Clinical Data. Boston, MA, USA: i2b2},
  year={2010}
}

@inproceedings{maxentropy,
  title={Using maximum entropy for text classification},
  author={Nigam, Kamal and Lafferty, John and McCallum, Andrew},
  booktitle={IJCAI-99 workshop on machine learning for information filtering},
  volume={1},
  pages={61--67},
  year={1999}
}

@inproceedings{stanford-parser,
  title={A fast and accurate dependency parser using neural networks},
  author={Chen, Danqi and Manning, Christopher},
  booktitle={Proceedings of the 2014 conference on empirical methods in natural language processing (EMNLP)},
  pages={740--750},
  year={2014}
}

@inproceedings{negtool,
  title={An open-source tool for negation detection: a maximum-margin approach},
  author={Enger, Martine and Velldal, Erik and {\O}vrelid, Lilja},
  booktitle={Proceedings of the Workshop Computational Semantics Beyond Events and Roles},
  pages={64--69},
  year={2017}
}

@article{mentornet,
  title={Mentornet: Learning data-driven curriculum for very deep neural networks on corrupted labels},
  author={Jiang, Lu and Zhou, Zhengyuan and Leung, Thomas and Li, Li-Jia and Fei-Fei, Li},
  journal={arXiv preprint arXiv:1712.05055},
  year={2017}
}

@inproceedings{curriculum1,
  title={Self-paced learning for latent variable models},
  author={Kumar, M Pawan and Packer, Benjamin and Koller, Daphne},
  booktitle={Advances in Neural Information Processing Systems},
  pages={1189--1197},
  year={2010}
}

@inproceedings{curriculum2,
  title={Self-paced curriculum learning},
  author={Jiang, Lu and Meng, Deyu and Zhao, Qian and Shan, Shiguang and Hauptmann, Alexander G},
  booktitle={Twenty-Ninth AAAI Conference on Artificial Intelligence},
  year={2015}
}

@article{dataset-bias,
  title={Unbiased look at dataset bias},
  author={Torralba, Antonio and Efros, Alexei A},
  year={2011},
  publisher={IEEE}
}

@inproceedings{scopecues1,
  title={Automatic extraction of lexico-syntactic patterns for detection of negation and speculation scopes},
  author={Apostolova, Emilia and Tomuro, Noriko and Demner-Fushman, Dina},
  booktitle={Proceedings of the 49th Annual Meeting of the Association for Computational Linguistics: Human Language Technologies: short papers-Volume 2},
  pages={283--287},
  year={2011},
  organization={Association for Computational Linguistics}
}

@inproceedings{scopecues2,
  title={Tree kernel-based negation and speculation scope detection with structured syntactic parse features},
  author={Zou, Bowei and Zhou, Guodong and Zhu, Qiaoming},
  booktitle={Proceedings of the 2013 conference on empirical methods in natural language processing},
  pages={968--976},
  year={2013}
}

@article{elmo,
  title={Deep contextualized word representations},
  author={Peters, Matthew E and Neumann, Mark and Iyyer, Mohit and Gardner, Matt and Clark, Christopher and Lee, Kenton and Zettlemoyer, Luke},
  journal={arXiv preprint arXiv:1802.05365},
  year={2018}
}

@article{billionwords,
  title={One billion word benchmark for measuring progress in statistical language modeling},
  author={Chelba, Ciprian and Mikolov, Tomas and Schuster, Mike and Ge, Qi and Brants, Thorsten and Koehn, Phillipp and Robinson, Tony},
  journal={arXiv preprint arXiv:1312.3005},
  year={2013}
}

@inproceedings{xavierinit,
  title={Understanding the difficulty of training deep feedforward neural networks},
  author={Glorot, Xavier and Bengio, Yoshua},
  booktitle={Proceedings of the thirteenth international conference on artificial intelligence and statistics},
  pages={249--256},
  year={2010}
}

@article{nestedcv,
  title={Bias in error estimation when using cross-validation for model selection},
  author={Varma, Sudhir and Simon, Richard},
  journal={BMC bioinformatics},
  volume={7},
  number={1},
  pages={91},
  year={2006},
  publisher={BioMed Central}
}

@article{blackbox,
  title={Opening the black box of deep neural networks via information},
  author={Shwartz-Ziv, Ravid and Tishby, Naftali},
  journal={arXiv preprint arXiv:1703.00810},
  year={2017}
}